@Book{Juran2010,
  title      = {Juran's {Quality} {Handbook}: {The} {Complete} {Guide} to {Performance} {Excellence} 6/e},
  publisher  = {McGraw-Hill Education},
  year       = {2010},
  author     = {Juran, Joseph M. and De Feo, Joseph A.},
  address    = {New York},
  edition    = {6 edition},
  month      = jun,
  isbn       = {978-0-07-162973-7},
  groups     = {quality},
  language   = {English},
  owner      = {mangeli},
  shorttitle = {Juran's {Quality} {Handbook}},
  timestamp  = {2019.08.20},
}
@misc{costa_igualdade_2021,
	type = {Projeto},
	title = {Igualdade de {Gênero} em {STEM}},
	url = {https://www.igualdadestem.com},
	abstract = {Uma pesquisa voltada para medir a igualdade de gênero em STEM no Brasil e levantar iniciativas dedicadas à fechar o gap. Participe!},
	language = {pt},
	urldate = {2021-04-03},
	journal = {IGUALDADE/STEM},
	author = {Costa, L and Lima, Yuri and Santos, Ana Moura and Xexéo, G and Prada, R and Souza, J},
	year = {2021},
	file = {Snapshot:/home/luis/Zotero/storage/V5EFH4UT/www.igualdadestem.com.html:text/html}
}