@book{costa2021,
    title={Meu titulo},
    author={Xexéo, Geraldo},
    publish={Banana Print},
    year={2021},
    local={Rio}
}

@book{Juran2010,
    title={Meu 2 titulo},
    author={Xexéo, Geraldo},
    publish={Banana Print},
    year={2021},
    local={Rio}
}

@book{b1,
    title={Meu titulo},
    author={Xexéo, Geraldo},
    publish={Banana Print},
    year={2021},
    local={Rio}
}
