@book{b1,
title={Meu titulo},
author={Xex√©o, Geraldo},
publish={Banana Print},
year={2021},
local={Rio}
}